
@article{Wikipedia,
title = {Lebesgue Integration},
year = {2023},
author = {Wikipedia},
url = {https://en.wikipedia.org/wiki/Lebesgue_integration},
journal = {Wikipedia} ,
}

@book{Cover_and_Thomas,
title = {Elements of Information Theory, second edition},
year = {2006},
author = {Thomas M. Cover, Joy A. Thomas},
publisher = {Wiley-Interscience}
}

@book{Walters,
title = {An Introduction to Ergodic Theory},
year = {1982},
author = {Peter Walters},
publisher = {Springer}
}

@article{Borel_cantelli,
title = {Borel-Cantelli Lemma},
year = {2023},
author = {Wikipedia},
url = {https://en.wikipedia.org/wiki/Borel-Cantelli_lemma},
journal = {Wikipedia} ,
}

@article{MLP,
author = {Bengio, Yoshua and Ducharme, R\'{e}jean and Vincent, Pascal and Janvin, Christian},
title = {A Neural Probabilistic Language Model},
year = {2003},
issue_date = {3/1/2003},
publisher = {JMLR.org},
volume = {3},
number = {null},
issn = {1532-4435},
journal = {J. Mach. Learn. Res.},
month = {mar},
pages = {1137â€“1155},
numpages = {19}
}